% ------------------------------------------------------------------------
% BIBLIOGRAFIA
% ------------------------------------------------------------------------

@BOOK{legierski,
  AUTHOR =       {Tadeusz Legierski AND Janusz Wyrwał AND Jerzy Kasprzyk AND Janusz Hajda},
  TITLE =        {Programowanie Sterowników PLC},
  PUBLISHER =    {Wydawnictwo Pracowni Komputerowej Jacka Skalmierskiego},
  LOCATION = 	 {Gliwice},
  YEAR =         {1998},
}

@online{www1,
	TITLE =        {Strona internetowa Xamarinlab},
	URL =    		 {http://xamarinlab.pl/},
	URLDATE =		 {2022-11-30}

@online{www2,
	TITLE =        {Strona internetowa Xamarin Community toolkit},
	URL =    		 {https://learn.microsoft.com/pl-pl/xamarin/community-toolkit/},
	URLDATE =		 {2022-11-30}
}

@online{www3,
	TITLE =        {Strona internetowa Microsoftu},
	URL =    		 {https://visualstudio.microsoft.com/pl},
	URLDATE =		 {2022-11-30}
}

@online{www4,
	TITLE =        {Strona internetowa Github},
	URL =    		 {https://github.com/},
	URLDATE =		 {2022-11-30}
}

@online{www5,
	TITLE =        {Strona internetowa Microsoftu poświęcona C#},
	URL =    		 {https://visualstudio.microsoft.com/pl},
	URLDATE =		 {2022-11-30}
}

@online{www6,
	TITLE =        {Strona internetowa SQLite},
	URL =    		 {https://visualstudio.microsoft.com/pl},
	URLDATE =		 {2022-11-30}
}